@InProceedings{HorneckerPsik:2005,
  author       = {Eva Hornecker and Thomas Psik},
  title        = {Using \textsf{ARToolKit} markers to build tangible
                  prototypes and simulate other technologies},
  booktitle    = {Proceedings of the Tenth International Conference on
                  Human-Computer Interaction},
  pages        = {30--42},
  year         = 2005,
  address      = {Rome, Italy},
  month        = sep,
  organization = {IFIP TC13},
  publisher    = {Springer},
  note         = {{ISSN} 0302-9743}
}

@Article{Billinghurst:2002,
  title   = {Augmented reality in education},
  author  = {Mark Billinghurst},
  journal = {New Horizons for Learning},
  year    = 2002,
  month   = dec,
}

@Article{LPLW:2002,
  author  = {Fotis Liarokapis and Panos Petridis and Paul Lister and
             Martin White},
  title   = {Multimedia augmented reality interface for e-learning
             ({MARIE})},
  journal = {World Transactions on Engineering and Technology Education},
  volume  = 1,
  number  = 2,
  pages   = {173--176},
  year    = 2002,
  note    = {{ISSN} 1446-2257},
}

@InProceedings{KaufmannSchmalstieg:2002,
  author    = {Hannes Kaufmann and Dieter Schmalstieg},
  title     = {Mathematics and geometry education with collaborative
               augmented reality},
  booktitle = {ACM SIGGRAPH Conference},
  year      = 2002,
  pages     = {37--41},
  location  = {San Antonio, Texas, USA},
  note      = {{ISBN} 1-58113-525-4}
}

@InProceedings{Marshall:2007,
  author    = {Paul Marshall},
  title     = {Do tangible interfaces enhance learning?},
  booktitle = {Proceedings of the First International Conference on
              Tangible and Embedded Interaction},
  year      = 2007,
  note      = {{ISBN} 978-1-59593-619-6},
  pages     = {163--170},
  location  = {B{\^a}ton Rouge, Louisiana, USA},
  publisher = {ACM}
}


@InProceedings{EEMB:2009,
  author = {Eisenberg, Michael and Elumeze, Nwanua and MacFerrin, Michael and Buechley, Leah},
  title = {Children's programming, reconsidered: settings, stuff, and surfaces},
  booktitle = {IDC '09: Proceedings of the 8th International Conference on Interaction Design and Children},
  year = {2009},
  isbn = {978-1-60558-395-2},
  pages = {1--8},
  location = {Como, Italy},
  publisher = {ACM},
  address = {New York, NY, USA},
}

@article{PRSSN:2003,
  title = "Using [`]tangibles' to promote novel forms of playful learning",
  author = "S. Price and Y. Rogers and M. Scaife and D. Stanton and H. Neale",
  journal = "Interacting with Computers",
  volume = "15",
  number = "2",
  pages = "169 - 185",
  year = "2003",
  note = "Interaction Design and Children",
  issn = "0953-5438",

}

@article{RSGSH:2002,
  author = {Rogers, Yvonne and Scaife, Mike and Gabrielli, Silvia and Smith, Hilary and Harris, Eric},
  title = {A conceptual framework for mixed reality environments: designing novel learning activities for young children},
  journal = {Presence: Teleoper. Virtual Environ.},
  volume = {11},
  number = {6},
  year = {2002},
  issn = {1054-7460},
  pages = {677--686},
  publisher = {MIT Press},
  address = {Cambridge, MA, USA},
}

@inproceedings{ZuckermanAridaResnick:2005,
  author = {Zuckerman, Oren and Arida, Saeed and Resnick, Mitchel},
  title = {Extending tangible interfaces for education: digital montessori-inspired manipulatives},
  booktitle = {CHI '05: Proceedings of the SIGCHI conference on Human factors in computing systems},
  year = {2005},
  isbn = {1-58113-998-5},
  pages = {859--868},
  location = {Portland, Oregon, USA},
  publisher = {ACM},
  address = {New York, NY, USA},
}

@inproceedings{JGAK:2007,
  author = {Jord\`{a}, Sergi and Geiger, G\"{u}nter and Alonso, Marcos and Kaltenbrunner, Martin},
  title = {The reacTable: exploring the synergy between live music performance and tabletop tangible interfaces},
  booktitle = {TEI '07: Proceedings of the 1st international conference on Tangible and embedded interaction},
  year = {2007},
  isbn = {978-1-59593-619-6},
  pages = {139--146},
  location = {Baton Rouge, Louisiana},
  publisher = {ACM},
  address = {New York, NY, USA},
}

@inproceedings{Blackwell:2003,
  author = {Alan Blackwell},
  title = {Cognitive Dimensions of Tangible Programming Languages},
  booktitle = {15th Workshop of the Psychology of Programming Interest Group},
  year = {2003},
  pages = {391--405},
}

@inproceedings{HornRobert:2007,
  author = {Horn, Michael S. and Jacob, Robert J. K.},
  title = {Designing tangible programming languages for classroom use},
  booktitle = {TEI '07: Proceedings of the 1st international conference on Tangible and embedded interaction},
  year = {2007},
  isbn = {978-1-59593-619-6},
  pages = {159--162},
  location = {Baton Rouge, Louisiana},
  publisher = {ACM},
  address = {New York, NY, USA},
}

@PhdThesis{McNerney:2002,
  author  = {Timothy Scott McNerney},
  title   = {Tangible Programming Bricks: An approach to making programming accessible to everyone},
  school  = {Massachusetts Institute of Technology},
  year    = 2000,
}

@book{Pattis:1994,
  author = {Pattis, Richard E.},
  title = {Karel the Robot: A Gentle Introduction to the Art of Programming},
  year = {1994},
  isbn = {0471107026},
  publisher = {John Wiley \& Sons, Inc.},
  address = {New York, NY, USA},
}


@article{Prensky:2003,
  author = {Prensky, Marc},
  title = {Digital game-based learning},
  journal = {Comput. Entertain.},
  volume = {1},
  number = {1},
  year = {2003},
  issn = {1544-3574},
  pages = {21--21},
  publisher = {ACM},
  address = {New York, NY, USA},
}

@article{InbarStoll:1970,
  author = {Inbar, Michael and Stoll, Clarice S.},
  title = {Games and learning},
  journal = {Interchange},
  volume = {1},
  number = {2},
  year = {1970},
  pages = {53--61},
}

@article{Nelson:1962,
  author = {Nelson, Larry E.},
  title = {Games Motivate Learning},
  journal = {The Clearing House},
  volume = {36},
  number = {7},
  year = {1962},
  publisher = {Heldref Publications},
  pages = {400--402},
}

