@article{haberman02,
 author = {Haberman, Bruria and Averbuch, Haim},
 title = {The case of base cases: why are they so difficult to recognize? student difficulties with recursion},
 journal = {SIGCSE Bull.},
 volume = {34},
 number = {3},
 year = {2002},
 issn = {0097-8418},
 pages = {84--88},
 doi = {http://doi.acm.org/10.1145/637610.544441},
 publisher = {ACM},
 address = {New York, NY, USA},
}

@inproceedings{kahney83,
 author = {Kahney, Hank},
 title = {What do novice programmers know about recursion},
 booktitle = {CHI '83: Proceedings of the SIGCHI conference on Human Factors in Computing Systems},
 year = {1983},
 isbn = {0-89791-121-0},
 pages = {235--239},
 location = {Boston, Massachusetts, United States},
 doi = {http://doi.acm.org/10.1145/800045.801618},
 publisher = {ACM},
 address = {New York, NY, USA},
}

@article{ginat99,
 author = {Ginat, David and Shifroni, Eyal},
 title = {Teaching recursion in a procedural environment---how much should we emphasize the computing model?},
 journal = {SIGCSE Bull.},
 volume = {31},
 number = {1},
 year = {1999},
 issn = {0097-8418},
 pages = {127--131},
 doi = {http://doi.acm.org/10.1145/384266.299718},
 publisher = {ACM},
 address = {New York, NY, USA},
}

@book{ montessori12,
 author = {Montessori, M.},
 title = {The Montessori method: scientific pedagogy as applied to child education in the "children's houses"},
 publisher = {Cambridge, Mass},
 year = {1912}
}

@inproceedings{fernaeus06,
 author = {Fernaeus, Ylva and Tholander, Jakob},
 title = {Finding design qualities in a tangible programming space},
 booktitle = {CHI '06: Proceedings of the SIGCHI conference on Human Factors in computing systems},
 year = {2006},
 isbn = {1-59593-372-7},
 pages = {447--456},
 location = {Montr\'{e}al, Qu\'{e}bec, Canada},
 doi = {http://doi.acm.org/10.1145/1124772.1124839},
 publisher = {ACM},
 address = {New York, NY, USA},
}

@inproceedings{suzuki95,
 author = {Suzuki, Hideyuki and Kato, Hiroshi},
 title = {Interaction-level support for collaborative learning: AlgoBlock---an open programming language},
 booktitle = {CSCL '95: The first international conference on Computer support for collaborative learning},
 year = {1995},
 isbn = {0-8058-2243-7},
 pages = {349--355},
 location = {Indiana Univ., Bloomington, Indiana, United States},
 publisher = {L. Erlbaum Associates Inc.},
 address = {Hillsdale, NJ, USA},
}

@inproceedings{sluis04,
 author = {Sluis, R. J. W. and Weevers, I. and van Schijndel, C. H. G. J. and Kolos-Mazuryk, L. and Fitrianie, S. and Martens, J. B. O. S.},
 title = {Read-It: five-to-seven-year-old children learn to read in a tabletop environment},
 booktitle = {IDC '04: Proceedings of the 2004 conference on Interaction design and children},
 year = {2004},
 isbn = {1-58113-791-5},
 pages = {73--80},
 location = {Maryland},
 doi = {http://doi.acm.org/10.1145/1017833.1017843},
 publisher = {ACM},
 address = {New York, NY, USA},
}

@article{terrenghi05,
 author = {Lucia Terrenghi. Matthias Kranz, Paul Holleis and Albrecht Schmidt },
 title = {A cube to learn: a tangible user interface for the design of a learning appliance},
 journal = {Personal and Ubiquitous Computing},
 year = {2005}
}

@inproceedings{zuckerman05,
 author = {Zuckerman, Oren and Arida, Saeed and Resnick, Mitchel},
 title = {Extending tangible interfaces for education: digital montessori-inspired manipulatives},
 booktitle = {CHI '05: Proceedings of the SIGCHI conference on Human factors in computing systems},
 year = {2005},
 isbn = {1-58113-998-5},
 pages = {859--868},
 location = {Portland, Oregon, USA},
 doi = {http://doi.acm.org/10.1145/1054972.1055093},
 publisher = {ACM},
 address = {New York, NY, USA},
}

@misc{wikipedia_functional_programming,
 author = {Wikipedia the free encyclopedia},
 title = {Functional Programming},
 howpublished = "\url{http://en.wikipedia.org/wiki/Functional_programming}"
}
